<collection xmlns="http://www.loc.gov/MARC21/slim">
<record>
  <leader>00459na 0a22001331i 450 </leader>
  <controlfield tag="001">IT\ICCU\CNCE\054881</controlfield>
  <controlfield tag="005">20031212000000.0</controlfield>
  <datafield tag="100" ind1=" " ind2=" ">
    <subfield code="a">20031127             0itac0103    ba</subfield>
  </datafield>
  <datafield tag="101" ind1=" " ind2=" ">
    <subfield code="a">ITA</subfield>
  </datafield>
  <datafield tag="200" ind1="1" ind2=" ">
    <subfield code="a">Annotationi di m.Giulio Camillo</subfield>
  </datafield>
  <datafield tag="700" ind1=" " ind2="1">
    <subfield code="a">Camillo,</subfield>
    <subfield code="b">Giulio</subfield>
    <subfield code="3">IT\ICCU\CNCA\002444</subfield>
  </datafield>
  <datafield tag="790" ind1=" " ind2="1">
    <subfield code="a">Delminio,</subfield>
    <subfield code="b">Giulio Camillo</subfield>
    <subfield code="3">IT\ICCU\CNCA\002445</subfield>
    <subfield code="z">Camillo, Giulio</subfield>
  </datafield>
  <datafield tag="790" ind1=" " ind2="1">
    <subfield code="a">Delminius,</subfield>
    <subfield code="b">Iulius Camillus</subfield>
    <subfield code="3">IT\ICCU\CNCA\022254</subfield>
    <subfield code="z">Camillo, Giulio</subfield>
  </datafield>
  <datafield tag="801" ind1=" " ind2="3">
    <subfield code="a">IT</subfield>
    <subfield code="b">ICCU</subfield>
    <subfield code="c">20201115</subfield>
  </datafield>
</record>
</collection>
